1608 2744
596 298 44 45 <!
684 309 18 33 3
744 295 44 48 •>

230 423 276 44 GELYKHEID,
530 428 218 42 VRYHEID,
773 427 367 39 BROEDERSCHAP!

412 547 43 29 ui
464 547 36 30 D
511 547 29 31 R
553 548 59 30 ES
638 557 66 23 van
727 550 114 42 eenige
863 552 151 40 Burgers
1038 562 69 21 aan
1127 552 38 29 de

482 601 291 35 PROVISIONEELE
817 606 322 32 MüNICIPALITEIT
1152 630 12 15 ,

483 655 58 30 der
557 657 86 29 Stad
652 658 234 38 jfmjlerdam,
898 659 192 41 ingeleverd
1102 659 61 31 den

481 708 111 40 20en
612 718 66 22 van
707 711 233 40 Grasmaand,
958 715 54 29 des
1030 714 133 37 Eerjlen

483 763 680 45 J'aarsderBataaffcheVrijheid,betrek-

474 813 102 43 kelijk
594 818 37 27 de
646 816 179 32 Gebreeken
839 829 38 21 en
893 830 74 21 eene
985 820 106 32 beeter
1107 822 54 30 in-

482 867 149 43 richting
653 881 67 21 van
737 872 50 30 het
805 873 137 37 Befluur
962 875 55 31 des
1047 884 113 33 tegen*

481 923 189 42 ■woordigeh
704 925 249 38 Nationalen
984 930 176 35 schouw-

477 981 132 30 burgs.
633 994 43 9 —

340 1117 645 48 BURGERS!

194 1250 86 34 Pro
292 1262 284 26 visioneele
601 1256 441 34 Representanten
1064 1262 90 28 van

329 1315 90 23 het
440 1306 124 32 Volk
593 1315 92 25 van
713 1308 312 33 Amsterdam!

192 1407 39 79 I
247 1407 77 79 Iet
355 1451 27 33 is
414 1449 244 46 ongetwijffeld
685 1462 64 23 van
770 1452 58 33 het
848 1453 143 42 grootfte
1009 1453 140 44 belang,

193 1507 54 31 dat
269 1507 77 32 alles
370 1514 68 26 wat
466 1514 53 25 tot
538 1507 211 41 verbetering
773 1507 56 31 der
852 1507 158 39 Zeeden,
1034 1516 43 24 en
1098 1514 53 27 tot

189 1560 220 42 bevordering
432 1570 66 23 van
520 1570 107 23 waare
648 1559 302 33 Vaderlandsliefde
966 1561 66 31 kan
1050 1559 100 35 ftrek-

189 1615 88 39 ken,
291 1623 226 32 naargegaan,
535 1623 41 23 en
590 1620 52 26 tot
655 1613 146 41 zodanig
811 1623 84 22 eene
908 1620 72 36 trap
996 1624 65 23 van
1074 1617 75 31 vol-

189 1668 190 33 maaktheid
404 1667 159 42 gebracht
576 1668 113 39 werd,
713 1668 47 31 als
783 1668 116 32 immer
922 1668 163 43 mogelijk
1098 1671 49 33 is:

190 1732 42 22 en
250 1721 155 33 niemand
423 1721 51 33 zal
489 1721 112 33 willen
615 1720 216 42 ontftrijden,
852 1722 54 32 dat
920 1722 40 32 de
985 1723 164 33 Schouw-

188 1776 83 41 burg
293 1784 84 23 eene
405 1775 57 31 der
482 1774 193 41 gefcbiktfte
706 1784 41 22 en
778 1775 128 34 durven
931 1775 57 43 wij
1014 1786 133 33 zeggen

185 1838 86 24 eene
298 1830 58 30 der
377 1829 92 31 beste
497 1828 160 32 fchoolen
679 1827 70 42 zijn
769 1828 87 40 kan,
877 1838 58 23 om
956 1830 48 32 dit
1027 1838 33 25 te
1078 1832 70 32 lee-

184 1892 60 24 ren
264 1907 11 16 ,
307 1892 45 22 zo
382 1883 57 32 het
465 1883 66 33 wel
562 1883 92 32 werd
683 1882 203 42 aangelegd,
922 1884 113 42 dewijl
1065 1895 82 24 men

183 1938 143 32 nimmer
350 1936 61 33 iets
436 1936 142 42 gretiger
608 1936 112 40 leerd,
743 1936 48 33 als
819 1937 73 40 dat,
915 1939 25 31 't
963 1939 90 32 welk
1079 1941 66 34 den

183 1991 237 42 Leergierigen
444 1997 121 27 tevens
594 1997 53 26 tot
666 1991 157 33 vermaak
852 1991 160 34 verftrekt
1034 2006 9 25 ;
1070 1994 75 32 daar

183 2046 58 33 het
263 2055 61 24 aan
341 2046 63 33 den
426 2045 146 33 anderen
584 2044 81 34 kant
680 2045 125 33 zeeker
824 2045 48 40 is,
895 2045 54 33 dat
967 2046 40 32 de
1024 2048 119 33 Smaak

658 2098 31 34 A
711 2108 19 24 a
1099 2111 45 24 en
